%YAML 1.1
%TAG !u! tag:unity3d.com,2011:
--- !u!1 &4183518443093953950
GameObject:
  m_ObjectHideFlags: 0
  m_CorrespondingSourceObject: {fileID: 0}
  m_PrefabInstance: {fileID: 0}
  m_PrefabAsset: {fileID: 0}
  serializedVersion: 6
  m_Component:
  - component: {fileID: 4224704408231916008}
  - component: {fileID: 5894118494333988816}
  m_Layer: 0
  m_Name: Segment_cross_med
  m_TagString: Untagged
  m_Icon: {fileID: 0}
  m_NavMeshLayer: 0
  m_StaticEditorFlags: 0
  m_IsActive: 1
--- !u!4 &4224704408231916008
Transform:
  m_ObjectHideFlags: 0
  m_CorrespondingSourceObject: {fileID: 0}
  m_PrefabInstance: {fileID: 0}
  m_PrefabAsset: {fileID: 0}
  m_GameObject: {fileID: 4183518443093953950}
  m_LocalRotation: {x: 0, y: 0, z: 0, w: 1}
  m_LocalPosition: {x: 0, y: 0, z: 0}
  m_LocalScale: {x: 1, y: 1, z: 1}
  m_Children:
  - {fileID: 2977021321076897848}
  - {fileID: 6111038688975513594}
  - {fileID: 496956314978138282}
  - {fileID: 7531089386480826736}
  - {fileID: 7674918335900769223}
  - {fileID: 2797451765501351608}
  - {fileID: 6638603052673802133}
  - {fileID: 530674709094402050}
  - {fileID: 7103145596616898471}
  - {fileID: 9131287473844581474}
  - {fileID: 6415799345944891905}
  m_Father: {fileID: 0}
  m_RootOrder: 0
  m_LocalEulerAnglesHint: {x: 0, y: 0, z: 0}
--- !u!114 &5894118494333988816
MonoBehaviour:
  m_ObjectHideFlags: 0
  m_CorrespondingSourceObject: {fileID: 0}
  m_PrefabInstance: {fileID: 0}
  m_PrefabAsset: {fileID: 0}
  m_GameObject: {fileID: 4183518443093953950}
  m_Enabled: 1
  m_EditorHideFlags: 0
  m_Script: {fileID: 11500000, guid: cfd075fbb016d9c4f8b0c5dff2d8c297, type: 3}
  m_Name: 
  m_EditorClassIdentifier: 
  length: 20
--- !u!1001 &739657754724619347
PrefabInstance:
  m_ObjectHideFlags: 0
  serializedVersion: 2
  m_Modification:
    m_TransformParent: {fileID: 4224704408231916008}
    m_Modifications:
    - target: {fileID: 6813118854864352169, guid: ecd96113de2e52a48b9309e6c5adc768,
        type: 3}
      propertyPath: m_LocalPosition.x
      value: 7.7
      objectReference: {fileID: 0}
    - target: {fileID: 6813118854864352169, guid: ecd96113de2e52a48b9309e6c5adc768,
        type: 3}
      propertyPath: m_LocalPosition.y
      value: 4
      objectReference: {fileID: 0}
    - target: {fileID: 6813118854864352169, guid: ecd96113de2e52a48b9309e6c5adc768,
        type: 3}
      propertyPath: m_LocalPosition.z
      value: 0.75
      objectReference: {fileID: 0}
    - target: {fileID: 6813118854864352169, guid: ecd96113de2e52a48b9309e6c5adc768,
        type: 3}
      propertyPath: m_LocalRotation.x
      value: 0
      objectReference: {fileID: 0}
    - target: {fileID: 6813118854864352169, guid: ecd96113de2e52a48b9309e6c5adc768,
        type: 3}
      propertyPath: m_LocalRotation.y
      value: 0
      objectReference: {fileID: 0}
    - target: {fileID: 6813118854864352169, guid: ecd96113de2e52a48b9309e6c5adc768,
        type: 3}
      propertyPath: m_LocalRotation.z
      value: 0
      objectReference: {fileID: 0}
    - target: {fileID: 6813118854864352169, guid: ecd96113de2e52a48b9309e6c5adc768,
        type: 3}
      propertyPath: m_LocalRotation.w
      value: 1
      objectReference: {fileID: 0}
    - target: {fileID: 6813118854864352169, guid: ecd96113de2e52a48b9309e6c5adc768,
        type: 3}
      propertyPath: m_RootOrder
      value: 1
      objectReference: {fileID: 0}
    - target: {fileID: 6813118854864352169, guid: ecd96113de2e52a48b9309e6c5adc768,
        type: 3}
      propertyPath: m_LocalEulerAnglesHint.x
      value: 0
      objectReference: {fileID: 0}
    - target: {fileID: 6813118854864352169, guid: ecd96113de2e52a48b9309e6c5adc768,
        type: 3}
      propertyPath: m_LocalEulerAnglesHint.y
      value: 0
      objectReference: {fileID: 0}
    - target: {fileID: 6813118854864352169, guid: ecd96113de2e52a48b9309e6c5adc768,
        type: 3}
      propertyPath: m_LocalEulerAnglesHint.z
      value: 0
      objectReference: {fileID: 0}
    - target: {fileID: 6813118854864352170, guid: ecd96113de2e52a48b9309e6c5adc768,
        type: 3}
      propertyPath: m_Name
      value: Cross
      objectReference: {fileID: 0}
    m_RemovedComponents: []
  m_SourcePrefab: {fileID: 100100000, guid: ecd96113de2e52a48b9309e6c5adc768, type: 3}
--- !u!4 &6111038688975513594 stripped
Transform:
  m_CorrespondingSourceObject: {fileID: 6813118854864352169, guid: ecd96113de2e52a48b9309e6c5adc768,
    type: 3}
  m_PrefabInstance: {fileID: 739657754724619347}
  m_PrefabAsset: {fileID: 0}
--- !u!1001 &1086999392101092745
PrefabInstance:
  m_ObjectHideFlags: 0
  serializedVersion: 2
  m_Modification:
    m_TransformParent: {fileID: 4224704408231916008}
    m_Modifications:
    - target: {fileID: 8191227091127810539, guid: d15aee1137dabbc4da941cfa1ceee41f,
        type: 3}
      propertyPath: m_LocalPosition.x
      value: 28.49
      objectReference: {fileID: 0}
    - target: {fileID: 8191227091127810539, guid: d15aee1137dabbc4da941cfa1ceee41f,
        type: 3}
      propertyPath: m_LocalPosition.y
      value: 3.43
      objectReference: {fileID: 0}
    - target: {fileID: 8191227091127810539, guid: d15aee1137dabbc4da941cfa1ceee41f,
        type: 3}
      propertyPath: m_LocalPosition.z
      value: 0
      objectReference: {fileID: 0}
    - target: {fileID: 8191227091127810539, guid: d15aee1137dabbc4da941cfa1ceee41f,
        type: 3}
      propertyPath: m_LocalRotation.x
      value: 0
      objectReference: {fileID: 0}
    - target: {fileID: 8191227091127810539, guid: d15aee1137dabbc4da941cfa1ceee41f,
        type: 3}
      propertyPath: m_LocalRotation.y
      value: 0
      objectReference: {fileID: 0}
    - target: {fileID: 8191227091127810539, guid: d15aee1137dabbc4da941cfa1ceee41f,
        type: 3}
      propertyPath: m_LocalRotation.z
      value: 0.7071068
      objectReference: {fileID: 0}
    - target: {fileID: 8191227091127810539, guid: d15aee1137dabbc4da941cfa1ceee41f,
        type: 3}
      propertyPath: m_LocalRotation.w
      value: 0.7071068
      objectReference: {fileID: 0}
    - target: {fileID: 8191227091127810539, guid: d15aee1137dabbc4da941cfa1ceee41f,
        type: 3}
      propertyPath: m_RootOrder
      value: 9
      objectReference: {fileID: 0}
    - target: {fileID: 8191227091127810539, guid: d15aee1137dabbc4da941cfa1ceee41f,
        type: 3}
      propertyPath: m_LocalEulerAnglesHint.x
      value: 0
      objectReference: {fileID: 0}
    - target: {fileID: 8191227091127810539, guid: d15aee1137dabbc4da941cfa1ceee41f,
        type: 3}
      propertyPath: m_LocalEulerAnglesHint.y
      value: 0
      objectReference: {fileID: 0}
    - target: {fileID: 8191227091127810539, guid: d15aee1137dabbc4da941cfa1ceee41f,
        type: 3}
      propertyPath: m_LocalEulerAnglesHint.z
      value: 90
      objectReference: {fileID: 0}
    - target: {fileID: 2504889536405725286, guid: d15aee1137dabbc4da941cfa1ceee41f,
        type: 3}
      propertyPath: m_Name
      value: Obstacle Car (7)
      objectReference: {fileID: 0}
    - target: {fileID: -1541739167420564403, guid: d15aee1137dabbc4da941cfa1ceee41f,
        type: 3}
      propertyPath: MoveSpeed
      value: 6
      objectReference: {fileID: 0}
    - target: {fileID: -1541739167420564403, guid: d15aee1137dabbc4da941cfa1ceee41f,
        type: 3}
      propertyPath: MoveDistance
      value: 100
      objectReference: {fileID: 0}
    m_RemovedComponents: []
  m_SourcePrefab: {fileID: 100100000, guid: d15aee1137dabbc4da941cfa1ceee41f, type: 3}
--- !u!4 &9131287473844581474 stripped
Transform:
  m_CorrespondingSourceObject: {fileID: 8191227091127810539, guid: d15aee1137dabbc4da941cfa1ceee41f,
    type: 3}
  m_PrefabInstance: {fileID: 1086999392101092745}
  m_PrefabAsset: {fileID: 0}
--- !u!1001 &1386656694867611212
PrefabInstance:
  m_ObjectHideFlags: 0
  serializedVersion: 2
  m_Modification:
    m_TransformParent: {fileID: 4224704408231916008}
    m_Modifications:
    - target: {fileID: 8191227091127810539, guid: d15aee1137dabbc4da941cfa1ceee41f,
        type: 3}
      propertyPath: m_LocalPosition.x
      value: 14.129999
      objectReference: {fileID: 0}
    - target: {fileID: 8191227091127810539, guid: d15aee1137dabbc4da941cfa1ceee41f,
        type: 3}
      propertyPath: m_LocalPosition.y
      value: 2.9
      objectReference: {fileID: 0}
    - target: {fileID: 8191227091127810539, guid: d15aee1137dabbc4da941cfa1ceee41f,
        type: 3}
      propertyPath: m_LocalPosition.z
      value: 0
      objectReference: {fileID: 0}
    - target: {fileID: 8191227091127810539, guid: d15aee1137dabbc4da941cfa1ceee41f,
        type: 3}
      propertyPath: m_LocalRotation.x
      value: 0
      objectReference: {fileID: 0}
    - target: {fileID: 8191227091127810539, guid: d15aee1137dabbc4da941cfa1ceee41f,
        type: 3}
      propertyPath: m_LocalRotation.y
      value: 0
      objectReference: {fileID: 0}
    - target: {fileID: 8191227091127810539, guid: d15aee1137dabbc4da941cfa1ceee41f,
        type: 3}
      propertyPath: m_LocalRotation.z
      value: 0.7071068
      objectReference: {fileID: 0}
    - target: {fileID: 8191227091127810539, guid: d15aee1137dabbc4da941cfa1ceee41f,
        type: 3}
      propertyPath: m_LocalRotation.w
      value: 0.7071068
      objectReference: {fileID: 0}
    - target: {fileID: 8191227091127810539, guid: d15aee1137dabbc4da941cfa1ceee41f,
        type: 3}
      propertyPath: m_RootOrder
      value: 8
      objectReference: {fileID: 0}
    - target: {fileID: 8191227091127810539, guid: d15aee1137dabbc4da941cfa1ceee41f,
        type: 3}
      propertyPath: m_LocalEulerAnglesHint.x
      value: 0
      objectReference: {fileID: 0}
    - target: {fileID: 8191227091127810539, guid: d15aee1137dabbc4da941cfa1ceee41f,
        type: 3}
      propertyPath: m_LocalEulerAnglesHint.y
      value: 0
      objectReference: {fileID: 0}
    - target: {fileID: 8191227091127810539, guid: d15aee1137dabbc4da941cfa1ceee41f,
        type: 3}
      propertyPath: m_LocalEulerAnglesHint.z
      value: 90
      objectReference: {fileID: 0}
    - target: {fileID: 2504889536405725286, guid: d15aee1137dabbc4da941cfa1ceee41f,
        type: 3}
      propertyPath: m_Name
      value: Obstacle Car (6)
      objectReference: {fileID: 0}
    - target: {fileID: -1541739167420564403, guid: d15aee1137dabbc4da941cfa1ceee41f,
        type: 3}
      propertyPath: MoveSpeed
      value: 6
      objectReference: {fileID: 0}
    - target: {fileID: -1541739167420564403, guid: d15aee1137dabbc4da941cfa1ceee41f,
        type: 3}
      propertyPath: MoveDistance
      value: 100
      objectReference: {fileID: 0}
    m_RemovedComponents: []
  m_SourcePrefab: {fileID: 100100000, guid: d15aee1137dabbc4da941cfa1ceee41f, type: 3}
--- !u!4 &7103145596616898471 stripped
Transform:
  m_CorrespondingSourceObject: {fileID: 8191227091127810539, guid: d15aee1137dabbc4da941cfa1ceee41f,
    type: 3}
  m_PrefabInstance: {fileID: 1386656694867611212}
  m_PrefabAsset: {fileID: 0}
--- !u!1001 &1814625498087407771
PrefabInstance:
  m_ObjectHideFlags: 0
  serializedVersion: 2
  m_Modification:
    m_TransformParent: {fileID: 4224704408231916008}
    m_Modifications:
    - target: {fileID: 8191227091127810539, guid: d15aee1137dabbc4da941cfa1ceee41f,
        type: 3}
      propertyPath: m_LocalPosition.x
      value: 5.2800007
      objectReference: {fileID: 0}
    - target: {fileID: 8191227091127810539, guid: d15aee1137dabbc4da941cfa1ceee41f,
        type: 3}
      propertyPath: m_LocalPosition.y
      value: 12.46
      objectReference: {fileID: 0}
    - target: {fileID: 8191227091127810539, guid: d15aee1137dabbc4da941cfa1ceee41f,
        type: 3}
      propertyPath: m_LocalPosition.z
      value: 0
      objectReference: {fileID: 0}
    - target: {fileID: 8191227091127810539, guid: d15aee1137dabbc4da941cfa1ceee41f,
        type: 3}
      propertyPath: m_LocalRotation.x
      value: 0
      objectReference: {fileID: 0}
    - target: {fileID: 8191227091127810539, guid: d15aee1137dabbc4da941cfa1ceee41f,
        type: 3}
      propertyPath: m_LocalRotation.y
      value: 0
      objectReference: {fileID: 0}
    - target: {fileID: 8191227091127810539, guid: d15aee1137dabbc4da941cfa1ceee41f,
        type: 3}
      propertyPath: m_LocalRotation.z
      value: -0.7071068
      objectReference: {fileID: 0}
    - target: {fileID: 8191227091127810539, guid: d15aee1137dabbc4da941cfa1ceee41f,
        type: 3}
      propertyPath: m_LocalRotation.w
      value: 0.7071068
      objectReference: {fileID: 0}
    - target: {fileID: 8191227091127810539, guid: d15aee1137dabbc4da941cfa1ceee41f,
        type: 3}
      propertyPath: m_RootOrder
      value: 3
      objectReference: {fileID: 0}
    - target: {fileID: 8191227091127810539, guid: d15aee1137dabbc4da941cfa1ceee41f,
        type: 3}
      propertyPath: m_LocalEulerAnglesHint.x
      value: 0
      objectReference: {fileID: 0}
    - target: {fileID: 8191227091127810539, guid: d15aee1137dabbc4da941cfa1ceee41f,
        type: 3}
      propertyPath: m_LocalEulerAnglesHint.y
      value: 0
      objectReference: {fileID: 0}
    - target: {fileID: 8191227091127810539, guid: d15aee1137dabbc4da941cfa1ceee41f,
        type: 3}
      propertyPath: m_LocalEulerAnglesHint.z
      value: -90
      objectReference: {fileID: 0}
    - target: {fileID: 2504889536405725286, guid: d15aee1137dabbc4da941cfa1ceee41f,
        type: 3}
      propertyPath: m_Name
      value: Obstacle Car (1)
      objectReference: {fileID: 0}
    - target: {fileID: -1541739167420564403, guid: d15aee1137dabbc4da941cfa1ceee41f,
        type: 3}
      propertyPath: MoveSpeed
      value: 6
      objectReference: {fileID: 0}
    - target: {fileID: -1541739167420564403, guid: d15aee1137dabbc4da941cfa1ceee41f,
        type: 3}
      propertyPath: MoveDistance
      value: 100
      objectReference: {fileID: 0}
    m_RemovedComponents: []
  m_SourcePrefab: {fileID: 100100000, guid: d15aee1137dabbc4da941cfa1ceee41f, type: 3}
--- !u!4 &7531089386480826736 stripped
Transform:
  m_CorrespondingSourceObject: {fileID: 8191227091127810539, guid: d15aee1137dabbc4da941cfa1ceee41f,
    type: 3}
  m_PrefabInstance: {fileID: 1814625498087407771}
  m_PrefabAsset: {fileID: 0}
--- !u!1001 &1959026478058693164
PrefabInstance:
  m_ObjectHideFlags: 0
  serializedVersion: 2
  m_Modification:
    m_TransformParent: {fileID: 4224704408231916008}
    m_Modifications:
    - target: {fileID: 8191227091127810539, guid: d15aee1137dabbc4da941cfa1ceee41f,
        type: 3}
      propertyPath: m_LocalPosition.x
      value: 1.210001
      objectReference: {fileID: 0}
    - target: {fileID: 8191227091127810539, guid: d15aee1137dabbc4da941cfa1ceee41f,
        type: 3}
      propertyPath: m_LocalPosition.y
      value: 12.25
      objectReference: {fileID: 0}
    - target: {fileID: 8191227091127810539, guid: d15aee1137dabbc4da941cfa1ceee41f,
        type: 3}
      propertyPath: m_LocalPosition.z
      value: 0
      objectReference: {fileID: 0}
    - target: {fileID: 8191227091127810539, guid: d15aee1137dabbc4da941cfa1ceee41f,
        type: 3}
      propertyPath: m_LocalRotation.x
      value: 0
      objectReference: {fileID: 0}
    - target: {fileID: 8191227091127810539, guid: d15aee1137dabbc4da941cfa1ceee41f,
        type: 3}
      propertyPath: m_LocalRotation.y
      value: 0
      objectReference: {fileID: 0}
    - target: {fileID: 8191227091127810539, guid: d15aee1137dabbc4da941cfa1ceee41f,
        type: 3}
      propertyPath: m_LocalRotation.z
      value: -0.7071068
      objectReference: {fileID: 0}
    - target: {fileID: 8191227091127810539, guid: d15aee1137dabbc4da941cfa1ceee41f,
        type: 3}
      propertyPath: m_LocalRotation.w
      value: 0.7071068
      objectReference: {fileID: 0}
    - target: {fileID: 8191227091127810539, guid: d15aee1137dabbc4da941cfa1ceee41f,
        type: 3}
      propertyPath: m_RootOrder
      value: 4
      objectReference: {fileID: 0}
    - target: {fileID: 8191227091127810539, guid: d15aee1137dabbc4da941cfa1ceee41f,
        type: 3}
      propertyPath: m_LocalEulerAnglesHint.x
      value: 0
      objectReference: {fileID: 0}
    - target: {fileID: 8191227091127810539, guid: d15aee1137dabbc4da941cfa1ceee41f,
        type: 3}
      propertyPath: m_LocalEulerAnglesHint.y
      value: 0
      objectReference: {fileID: 0}
    - target: {fileID: 8191227091127810539, guid: d15aee1137dabbc4da941cfa1ceee41f,
        type: 3}
      propertyPath: m_LocalEulerAnglesHint.z
      value: -90
      objectReference: {fileID: 0}
    - target: {fileID: 2504889536405725286, guid: d15aee1137dabbc4da941cfa1ceee41f,
        type: 3}
      propertyPath: m_Name
      value: Obstacle Car (2)
      objectReference: {fileID: 0}
    - target: {fileID: -1541739167420564403, guid: d15aee1137dabbc4da941cfa1ceee41f,
        type: 3}
      propertyPath: MoveSpeed
      value: 6
      objectReference: {fileID: 0}
    - target: {fileID: -1541739167420564403, guid: d15aee1137dabbc4da941cfa1ceee41f,
        type: 3}
      propertyPath: MoveDistance
      value: 100
      objectReference: {fileID: 0}
    m_RemovedComponents: []
  m_SourcePrefab: {fileID: 100100000, guid: d15aee1137dabbc4da941cfa1ceee41f, type: 3}
--- !u!4 &7674918335900769223 stripped
Transform:
  m_CorrespondingSourceObject: {fileID: 8191227091127810539, guid: d15aee1137dabbc4da941cfa1ceee41f,
    type: 3}
  m_PrefabInstance: {fileID: 1959026478058693164}
  m_PrefabAsset: {fileID: 0}
--- !u!1001 &3282028938641581694
PrefabInstance:
  m_ObjectHideFlags: 0
  serializedVersion: 2
  m_Modification:
    m_TransformParent: {fileID: 4224704408231916008}
    m_Modifications:
    - target: {fileID: 8191227091127810539, guid: d15aee1137dabbc4da941cfa1ceee41f,
        type: 3}
      propertyPath: m_LocalPosition.x
      value: 21.1
      objectReference: {fileID: 0}
    - target: {fileID: 8191227091127810539, guid: d15aee1137dabbc4da941cfa1ceee41f,
        type: 3}
      propertyPath: m_LocalPosition.y
      value: 6
      objectReference: {fileID: 0}
    - target: {fileID: 8191227091127810539, guid: d15aee1137dabbc4da941cfa1ceee41f,
        type: 3}
      propertyPath: m_LocalPosition.z
      value: 0
      objectReference: {fileID: 0}
    - target: {fileID: 8191227091127810539, guid: d15aee1137dabbc4da941cfa1ceee41f,
        type: 3}
      propertyPath: m_LocalRotation.x
      value: 0
      objectReference: {fileID: 0}
    - target: {fileID: 8191227091127810539, guid: d15aee1137dabbc4da941cfa1ceee41f,
        type: 3}
      propertyPath: m_LocalRotation.y
      value: 0
      objectReference: {fileID: 0}
    - target: {fileID: 8191227091127810539, guid: d15aee1137dabbc4da941cfa1ceee41f,
        type: 3}
      propertyPath: m_LocalRotation.z
      value: 0.7071068
      objectReference: {fileID: 0}
    - target: {fileID: 8191227091127810539, guid: d15aee1137dabbc4da941cfa1ceee41f,
        type: 3}
      propertyPath: m_LocalRotation.w
      value: 0.7071068
      objectReference: {fileID: 0}
    - target: {fileID: 8191227091127810539, guid: d15aee1137dabbc4da941cfa1ceee41f,
        type: 3}
      propertyPath: m_RootOrder
      value: 6
      objectReference: {fileID: 0}
    - target: {fileID: 8191227091127810539, guid: d15aee1137dabbc4da941cfa1ceee41f,
        type: 3}
      propertyPath: m_LocalEulerAnglesHint.x
      value: 0
      objectReference: {fileID: 0}
    - target: {fileID: 8191227091127810539, guid: d15aee1137dabbc4da941cfa1ceee41f,
        type: 3}
      propertyPath: m_LocalEulerAnglesHint.y
      value: 0
      objectReference: {fileID: 0}
    - target: {fileID: 8191227091127810539, guid: d15aee1137dabbc4da941cfa1ceee41f,
        type: 3}
      propertyPath: m_LocalEulerAnglesHint.z
      value: 90
      objectReference: {fileID: 0}
    - target: {fileID: 2504889536405725286, guid: d15aee1137dabbc4da941cfa1ceee41f,
        type: 3}
      propertyPath: m_Name
      value: Obstacle Car (4)
      objectReference: {fileID: 0}
    - target: {fileID: -1541739167420564403, guid: d15aee1137dabbc4da941cfa1ceee41f,
        type: 3}
      propertyPath: MoveSpeed
      value: 10
      objectReference: {fileID: 0}
    - target: {fileID: -1541739167420564403, guid: d15aee1137dabbc4da941cfa1ceee41f,
        type: 3}
      propertyPath: MoveDistance
      value: 100
      objectReference: {fileID: 0}
    m_RemovedComponents: []
  m_SourcePrefab: {fileID: 100100000, guid: d15aee1137dabbc4da941cfa1ceee41f, type: 3}
--- !u!4 &6638603052673802133 stripped
Transform:
  m_CorrespondingSourceObject: {fileID: 8191227091127810539, guid: d15aee1137dabbc4da941cfa1ceee41f,
    type: 3}
  m_PrefabInstance: {fileID: 3282028938641581694}
  m_PrefabAsset: {fileID: 0}
--- !u!1001 &6304931918777806675
PrefabInstance:
  m_ObjectHideFlags: 0
  serializedVersion: 2
  m_Modification:
    m_TransformParent: {fileID: 4224704408231916008}
    m_Modifications:
    - target: {fileID: 8191227091127810539, guid: d15aee1137dabbc4da941cfa1ceee41f,
        type: 3}
      propertyPath: m_LocalPosition.x
      value: -3.8999996
      objectReference: {fileID: 0}
    - target: {fileID: 8191227091127810539, guid: d15aee1137dabbc4da941cfa1ceee41f,
        type: 3}
      propertyPath: m_LocalPosition.y
      value: 6
      objectReference: {fileID: 0}
    - target: {fileID: 8191227091127810539, guid: d15aee1137dabbc4da941cfa1ceee41f,
        type: 3}
      propertyPath: m_LocalPosition.z
      value: 0
      objectReference: {fileID: 0}
    - target: {fileID: 8191227091127810539, guid: d15aee1137dabbc4da941cfa1ceee41f,
        type: 3}
      propertyPath: m_LocalRotation.x
      value: 0
      objectReference: {fileID: 0}
    - target: {fileID: 8191227091127810539, guid: d15aee1137dabbc4da941cfa1ceee41f,
        type: 3}
      propertyPath: m_LocalRotation.y
      value: 0
      objectReference: {fileID: 0}
    - target: {fileID: 8191227091127810539, guid: d15aee1137dabbc4da941cfa1ceee41f,
        type: 3}
      propertyPath: m_LocalRotation.z
      value: 0.7071068
      objectReference: {fileID: 0}
    - target: {fileID: 8191227091127810539, guid: d15aee1137dabbc4da941cfa1ceee41f,
        type: 3}
      propertyPath: m_LocalRotation.w
      value: 0.7071068
      objectReference: {fileID: 0}
    - target: {fileID: 8191227091127810539, guid: d15aee1137dabbc4da941cfa1ceee41f,
        type: 3}
      propertyPath: m_RootOrder
      value: 5
      objectReference: {fileID: 0}
    - target: {fileID: 8191227091127810539, guid: d15aee1137dabbc4da941cfa1ceee41f,
        type: 3}
      propertyPath: m_LocalEulerAnglesHint.x
      value: 0
      objectReference: {fileID: 0}
    - target: {fileID: 8191227091127810539, guid: d15aee1137dabbc4da941cfa1ceee41f,
        type: 3}
      propertyPath: m_LocalEulerAnglesHint.y
      value: 0
      objectReference: {fileID: 0}
    - target: {fileID: 8191227091127810539, guid: d15aee1137dabbc4da941cfa1ceee41f,
        type: 3}
      propertyPath: m_LocalEulerAnglesHint.z
      value: 90
      objectReference: {fileID: 0}
    - target: {fileID: 2504889536405725286, guid: d15aee1137dabbc4da941cfa1ceee41f,
        type: 3}
      propertyPath: m_Name
      value: Obstacle Car (3)
      objectReference: {fileID: 0}
    - target: {fileID: -1541739167420564403, guid: d15aee1137dabbc4da941cfa1ceee41f,
        type: 3}
      propertyPath: MoveSpeed
      value: 10
      objectReference: {fileID: 0}
    - target: {fileID: -1541739167420564403, guid: d15aee1137dabbc4da941cfa1ceee41f,
        type: 3}
      propertyPath: MoveDistance
      value: 100
      objectReference: {fileID: 0}
    m_RemovedComponents: []
  m_SourcePrefab: {fileID: 100100000, guid: d15aee1137dabbc4da941cfa1ceee41f, type: 3}
--- !u!4 &2797451765501351608 stripped
Transform:
  m_CorrespondingSourceObject: {fileID: 8191227091127810539, guid: d15aee1137dabbc4da941cfa1ceee41f,
    type: 3}
  m_PrefabInstance: {fileID: 6304931918777806675}
  m_PrefabAsset: {fileID: 0}
--- !u!1001 &7200706027964226945
PrefabInstance:
  m_ObjectHideFlags: 0
  serializedVersion: 2
  m_Modification:
    m_TransformParent: {fileID: 4224704408231916008}
    m_Modifications:
    - target: {fileID: 7604686518977566221, guid: 86b25a77e50f4824b9935e701574f6eb,
        type: 3}
      propertyPath: m_Name
      value: Obstacle Hydrant
      objectReference: {fileID: 0}
    - target: {fileID: 4244489232664022912, guid: 86b25a77e50f4824b9935e701574f6eb,
        type: 3}
      propertyPath: m_LocalPosition.x
      value: 3.24
      objectReference: {fileID: 0}
    - target: {fileID: 4244489232664022912, guid: 86b25a77e50f4824b9935e701574f6eb,
        type: 3}
      propertyPath: m_LocalPosition.y
      value: 0.24
      objectReference: {fileID: 0}
    - target: {fileID: 4244489232664022912, guid: 86b25a77e50f4824b9935e701574f6eb,
        type: 3}
      propertyPath: m_LocalPosition.z
      value: 0
      objectReference: {fileID: 0}
    - target: {fileID: 4244489232664022912, guid: 86b25a77e50f4824b9935e701574f6eb,
        type: 3}
      propertyPath: m_LocalRotation.x
      value: 0
      objectReference: {fileID: 0}
    - target: {fileID: 4244489232664022912, guid: 86b25a77e50f4824b9935e701574f6eb,
        type: 3}
      propertyPath: m_LocalRotation.y
      value: 0
      objectReference: {fileID: 0}
    - target: {fileID: 4244489232664022912, guid: 86b25a77e50f4824b9935e701574f6eb,
        type: 3}
      propertyPath: m_LocalRotation.z
      value: 0
      objectReference: {fileID: 0}
    - target: {fileID: 4244489232664022912, guid: 86b25a77e50f4824b9935e701574f6eb,
        type: 3}
      propertyPath: m_LocalRotation.w
      value: 1
      objectReference: {fileID: 0}
    - target: {fileID: 4244489232664022912, guid: 86b25a77e50f4824b9935e701574f6eb,
        type: 3}
      propertyPath: m_RootOrder
      value: 10
      objectReference: {fileID: 0}
    - target: {fileID: 4244489232664022912, guid: 86b25a77e50f4824b9935e701574f6eb,
        type: 3}
      propertyPath: m_LocalEulerAnglesHint.x
      value: 0
      objectReference: {fileID: 0}
    - target: {fileID: 4244489232664022912, guid: 86b25a77e50f4824b9935e701574f6eb,
        type: 3}
      propertyPath: m_LocalEulerAnglesHint.y
      value: 0
      objectReference: {fileID: 0}
    - target: {fileID: 4244489232664022912, guid: 86b25a77e50f4824b9935e701574f6eb,
        type: 3}
      propertyPath: m_LocalEulerAnglesHint.z
      value: 0
      objectReference: {fileID: 0}
    m_RemovedComponents: []
  m_SourcePrefab: {fileID: 100100000, guid: 86b25a77e50f4824b9935e701574f6eb, type: 3}
--- !u!4 &6415799345944891905 stripped
Transform:
  m_CorrespondingSourceObject: {fileID: 4244489232664022912, guid: 86b25a77e50f4824b9935e701574f6eb,
    type: 3}
  m_PrefabInstance: {fileID: 7200706027964226945}
  m_PrefabAsset: {fileID: 0}
--- !u!1001 &8570420966031733225
PrefabInstance:
  m_ObjectHideFlags: 0
  serializedVersion: 2
  m_Modification:
    m_TransformParent: {fileID: 4224704408231916008}
    m_Modifications:
    - target: {fileID: 8191227091127810539, guid: d15aee1137dabbc4da941cfa1ceee41f,
        type: 3}
      propertyPath: m_LocalPosition.x
      value: -17.300001
      objectReference: {fileID: 0}
    - target: {fileID: 8191227091127810539, guid: d15aee1137dabbc4da941cfa1ceee41f,
        type: 3}
      propertyPath: m_LocalPosition.y
      value: 3.65
      objectReference: {fileID: 0}
    - target: {fileID: 8191227091127810539, guid: d15aee1137dabbc4da941cfa1ceee41f,
        type: 3}
      propertyPath: m_LocalPosition.z
      value: 0
      objectReference: {fileID: 0}
    - target: {fileID: 8191227091127810539, guid: d15aee1137dabbc4da941cfa1ceee41f,
        type: 3}
      propertyPath: m_LocalRotation.x
      value: 0
      objectReference: {fileID: 0}
    - target: {fileID: 8191227091127810539, guid: d15aee1137dabbc4da941cfa1ceee41f,
        type: 3}
      propertyPath: m_LocalRotation.y
      value: 0
      objectReference: {fileID: 0}
    - target: {fileID: 8191227091127810539, guid: d15aee1137dabbc4da941cfa1ceee41f,
        type: 3}
      propertyPath: m_LocalRotation.z
      value: 0.7071068
      objectReference: {fileID: 0}
    - target: {fileID: 8191227091127810539, guid: d15aee1137dabbc4da941cfa1ceee41f,
        type: 3}
      propertyPath: m_LocalRotation.w
      value: 0.7071068
      objectReference: {fileID: 0}
    - target: {fileID: 8191227091127810539, guid: d15aee1137dabbc4da941cfa1ceee41f,
        type: 3}
      propertyPath: m_RootOrder
      value: 7
      objectReference: {fileID: 0}
    - target: {fileID: 8191227091127810539, guid: d15aee1137dabbc4da941cfa1ceee41f,
        type: 3}
      propertyPath: m_LocalEulerAnglesHint.x
      value: 0
      objectReference: {fileID: 0}
    - target: {fileID: 8191227091127810539, guid: d15aee1137dabbc4da941cfa1ceee41f,
        type: 3}
      propertyPath: m_LocalEulerAnglesHint.y
      value: 0
      objectReference: {fileID: 0}
    - target: {fileID: 8191227091127810539, guid: d15aee1137dabbc4da941cfa1ceee41f,
        type: 3}
      propertyPath: m_LocalEulerAnglesHint.z
      value: 90
      objectReference: {fileID: 0}
    - target: {fileID: 2504889536405725286, guid: d15aee1137dabbc4da941cfa1ceee41f,
        type: 3}
      propertyPath: m_Name
      value: Obstacle Car (5)
      objectReference: {fileID: 0}
    - target: {fileID: -1541739167420564403, guid: d15aee1137dabbc4da941cfa1ceee41f,
        type: 3}
      propertyPath: MoveSpeed
      value: 6
      objectReference: {fileID: 0}
    - target: {fileID: -1541739167420564403, guid: d15aee1137dabbc4da941cfa1ceee41f,
        type: 3}
      propertyPath: MoveDistance
      value: 100
      objectReference: {fileID: 0}
    m_RemovedComponents: []
  m_SourcePrefab: {fileID: 100100000, guid: d15aee1137dabbc4da941cfa1ceee41f, type: 3}
--- !u!4 &530674709094402050 stripped
Transform:
  m_CorrespondingSourceObject: {fileID: 8191227091127810539, guid: d15aee1137dabbc4da941cfa1ceee41f,
    type: 3}
  m_PrefabInstance: {fileID: 8570420966031733225}
  m_PrefabAsset: {fileID: 0}
--- !u!1001 &8595294167302799681
PrefabInstance:
  m_ObjectHideFlags: 0
  serializedVersion: 2
  m_Modification:
    m_TransformParent: {fileID: 4224704408231916008}
    m_Modifications:
    - target: {fileID: 8191227091127810539, guid: d15aee1137dabbc4da941cfa1ceee41f,
        type: 3}
      propertyPath: m_LocalPosition.x
      value: 22.35
      objectReference: {fileID: 0}
    - target: {fileID: 8191227091127810539, guid: d15aee1137dabbc4da941cfa1ceee41f,
        type: 3}
      propertyPath: m_LocalPosition.y
      value: 9.2
      objectReference: {fileID: 0}
    - target: {fileID: 8191227091127810539, guid: d15aee1137dabbc4da941cfa1ceee41f,
        type: 3}
      propertyPath: m_LocalPosition.z
      value: 0
      objectReference: {fileID: 0}
    - target: {fileID: 8191227091127810539, guid: d15aee1137dabbc4da941cfa1ceee41f,
        type: 3}
      propertyPath: m_LocalRotation.x
      value: 0
      objectReference: {fileID: 0}
    - target: {fileID: 8191227091127810539, guid: d15aee1137dabbc4da941cfa1ceee41f,
        type: 3}
      propertyPath: m_LocalRotation.y
      value: 0
      objectReference: {fileID: 0}
    - target: {fileID: 8191227091127810539, guid: d15aee1137dabbc4da941cfa1ceee41f,
        type: 3}
      propertyPath: m_LocalRotation.z
      value: -0.7071068
      objectReference: {fileID: 0}
    - target: {fileID: 8191227091127810539, guid: d15aee1137dabbc4da941cfa1ceee41f,
        type: 3}
      propertyPath: m_LocalRotation.w
      value: 0.7071068
      objectReference: {fileID: 0}
    - target: {fileID: 8191227091127810539, guid: d15aee1137dabbc4da941cfa1ceee41f,
        type: 3}
      propertyPath: m_RootOrder
      value: 2
      objectReference: {fileID: 0}
    - target: {fileID: 8191227091127810539, guid: d15aee1137dabbc4da941cfa1ceee41f,
        type: 3}
      propertyPath: m_LocalEulerAnglesHint.x
      value: 0
      objectReference: {fileID: 0}
    - target: {fileID: 8191227091127810539, guid: d15aee1137dabbc4da941cfa1ceee41f,
        type: 3}
      propertyPath: m_LocalEulerAnglesHint.y
      value: 0
      objectReference: {fileID: 0}
    - target: {fileID: 8191227091127810539, guid: d15aee1137dabbc4da941cfa1ceee41f,
        type: 3}
      propertyPath: m_LocalEulerAnglesHint.z
      value: -90
      objectReference: {fileID: 0}
    - target: {fileID: 2504889536405725286, guid: d15aee1137dabbc4da941cfa1ceee41f,
        type: 3}
      propertyPath: m_Name
      value: Obstacle Car
      objectReference: {fileID: 0}
    - target: {fileID: -1541739167420564403, guid: d15aee1137dabbc4da941cfa1ceee41f,
        type: 3}
      propertyPath: MoveSpeed
      value: 10
      objectReference: {fileID: 0}
    - target: {fileID: -1541739167420564403, guid: d15aee1137dabbc4da941cfa1ceee41f,
        type: 3}
      propertyPath: MoveDistance
      value: 100
      objectReference: {fileID: 0}
    m_RemovedComponents: []
  m_SourcePrefab: {fileID: 100100000, guid: d15aee1137dabbc4da941cfa1ceee41f, type: 3}
--- !u!4 &496956314978138282 stripped
Transform:
  m_CorrespondingSourceObject: {fileID: 8191227091127810539, guid: d15aee1137dabbc4da941cfa1ceee41f,
    type: 3}
  m_PrefabInstance: {fileID: 8595294167302799681}
  m_PrefabAsset: {fileID: 0}
--- !u!1001 &8790504949677621768
PrefabInstance:
  m_ObjectHideFlags: 0
  serializedVersion: 2
  m_Modification:
    m_TransformParent: {fileID: 4224704408231916008}
    m_Modifications:
    - target: {fileID: 5813765258263951920, guid: c3a1203c60ba44d46a1f065c5a0291c6,
        type: 3}
      propertyPath: m_LocalPosition.x
      value: 7.7
      objectReference: {fileID: 0}
    - target: {fileID: 5813765258263951920, guid: c3a1203c60ba44d46a1f065c5a0291c6,
        type: 3}
      propertyPath: m_LocalPosition.y
      value: -2
      objectReference: {fileID: 0}
    - target: {fileID: 5813765258263951920, guid: c3a1203c60ba44d46a1f065c5a0291c6,
        type: 3}
      propertyPath: m_LocalPosition.z
      value: 0.75
      objectReference: {fileID: 0}
    - target: {fileID: 5813765258263951920, guid: c3a1203c60ba44d46a1f065c5a0291c6,
        type: 3}
      propertyPath: m_LocalRotation.x
      value: 0
      objectReference: {fileID: 0}
    - target: {fileID: 5813765258263951920, guid: c3a1203c60ba44d46a1f065c5a0291c6,
        type: 3}
      propertyPath: m_LocalRotation.y
      value: 0
      objectReference: {fileID: 0}
    - target: {fileID: 5813765258263951920, guid: c3a1203c60ba44d46a1f065c5a0291c6,
        type: 3}
      propertyPath: m_LocalRotation.z
      value: 0
      objectReference: {fileID: 0}
    - target: {fileID: 5813765258263951920, guid: c3a1203c60ba44d46a1f065c5a0291c6,
        type: 3}
      propertyPath: m_LocalRotation.w
      value: 1
      objectReference: {fileID: 0}
    - target: {fileID: 5813765258263951920, guid: c3a1203c60ba44d46a1f065c5a0291c6,
        type: 3}
      propertyPath: m_RootOrder
      value: 0
      objectReference: {fileID: 0}
    - target: {fileID: 5813765258263951920, guid: c3a1203c60ba44d46a1f065c5a0291c6,
        type: 3}
      propertyPath: m_LocalEulerAnglesHint.x
      value: 0
      objectReference: {fileID: 0}
    - target: {fileID: 5813765258263951920, guid: c3a1203c60ba44d46a1f065c5a0291c6,
        type: 3}
      propertyPath: m_LocalEulerAnglesHint.y
      value: 0
      objectReference: {fileID: 0}
    - target: {fileID: 5813765258263951920, guid: c3a1203c60ba44d46a1f065c5a0291c6,
        type: 3}
      propertyPath: m_LocalEulerAnglesHint.z
      value: 0
      objectReference: {fileID: 0}
    - target: {fileID: 5813765258263951920, guid: c3a1203c60ba44d46a1f065c5a0291c6,
        type: 3}
      propertyPath: m_LocalScale.x
      value: 1.4
      objectReference: {fileID: 0}
    - target: {fileID: 5813765258263951923, guid: c3a1203c60ba44d46a1f065c5a0291c6,
        type: 3}
      propertyPath: m_Name
      value: Road
      objectReference: {fileID: 0}
    - target: {fileID: 5813765258263951923, guid: c3a1203c60ba44d46a1f065c5a0291c6,
        type: 3}
      propertyPath: m_IsActive
      value: 1
      objectReference: {fileID: 0}
    m_RemovedComponents: []
  m_SourcePrefab: {fileID: 100100000, guid: c3a1203c60ba44d46a1f065c5a0291c6, type: 3}
--- !u!4 &2977021321076897848 stripped
Transform:
  m_CorrespondingSourceObject: {fileID: 5813765258263951920, guid: c3a1203c60ba44d46a1f065c5a0291c6,
    type: 3}
  m_PrefabInstance: {fileID: 8790504949677621768}
  m_PrefabAsset: {fileID: 0}
